@INPROCEEDINGS{4031381,
author={A. Andoni and P. Indyk},
booktitle={2006 47th Annual IEEE Symposium on Foundations of Computer Science (FOCS'06)},
title={Near-Optimal Hashing Algorithms for Approximate Nearest Neighbor in High Dimensions},
year={2006},
pages={459-468},
keywords={computational complexity;file organisation;Leech lattice;bounded-distance decoder;c-approximate nearest neighbor;d-dimensional Euclidean space;near-optimal hashing algorithms;Approximation algorithms;Data compression;Data mining;Data structures;Decoding;Image databases;Lattices;Nearest neighbor searches;Probes;Spatial databases},
doi={10.1109/FOCS.2006.49},
ISSN={0272-5428},
month={Oct},}

@article{Andoni2010Nearest,
  title={Nearest Neighbor Search: the Old, the New, and the Impossible},
  author={Andoni, Alexandr},
  journal={Massachusetts Institute of Technology},
  year={2010},
}

@inproceedings{Datar:2004:LHS:997817.997857,
 author = {Datar, Mayur and Immorlica, Nicole and Indyk, Piotr and Mirrokni, Vahab S.},
 title = {Locality-sensitive Hashing Scheme Based on P-stable Distributions},
 booktitle = {Proceedings of the Twentieth Annual Symposium on Computational Geometry},
 series = {SCG '04},
 year = {2004},
 isbn = {1-58113-885-7},
 location = {Brooklyn, New York, USA},
 pages = {253--262},
 numpages = {10},
 url = {http://doi.acm.org/10.1145/997817.997857},
 doi = {10.1145/997817.997857},
 acmid = {997857},
 publisher = {ACM},
 address = {New York, NY, USA},
 keywords = {p-stable distributions, approximate nearest neighbor, locally sensitive hashing, sublinear algorithm},
} 

@inproceedings{Gionis:1999:SSH:645925.671516,
 author = {Gionis, Aristides and Indyk, Piotr and Motwani, Rajeev},
 title = {Similarity Search in High Dimensions via Hashing},
 booktitle = {Proceedings of the 25th International Conference on Very Large Data Bases},
 series = {VLDB '99},
 year = {1999},
 isbn = {1-55860-615-7},
 pages = {518--529},
 numpages = {12},
 url = {http://dl.acm.org/citation.cfm?id=645925.671516},
 acmid = {671516},
 publisher = {Morgan Kaufmann Publishers Inc.},
 address = {San Francisco, CA, USA},
} 

@article {PMID:24136430,
	Title = {Iterative quantization: a Procrustean approach to learning binary codes for large-scale image retrieval},
	Author = {Gong, Yunchao and Lazebnik, Svetlana and Gordo, Albert and Perronnin, Florent},
	Number = {12},
	Volume = {35},
	Month = {December},
	Year = {2013},
	Journal = {IEEE transactions on pattern analysis and machine intelligence},
	ISSN = {0162-8828},
	Pages = {2916—2929},
	URL = {http://dx.doi.org/10.1109/TPAMI.2012.193},
}

@inproceedings{Huiskes2010New,
  title={New trends and ideas in visual concept detection: the MIR flickr retrieval evaluation initiative},
  author={Huiskes, Mark J. and Thomee, Bart and Lew, Michael S.},
  booktitle={International Conference on Multimedia Information Retrieval},
  pages={527-536},
  year={2010},
}

@inproceedings{Indyk:1998:ANN:276698.276876,
 author = {Indyk, Piotr and Motwani, Rajeev},
 title = {Approximate Nearest Neighbors: Towards Removing the Curse of Dimensionality},
 booktitle = {Proceedings of the Thirtieth Annual ACM Symposium on Theory of Computing},
 series = {STOC '98},
 year = {1998},
 isbn = {0-89791-962-9},
 location = {Dallas, Texas, USA},
 pages = {604--613},
 numpages = {10},
 url = {http://doi.acm.org/10.1145/276698.276876},
 doi = {10.1145/276698.276876},
 acmid = {276876},
 publisher = {ACM},
 address = {New York, NY, USA},
} 

@article{W2012Isotropic,
  title={Isotropic hashing},
  author={W. Kong and W.-J. Li},
  journal={Advances in Neural Information Processing Systems},
  volume={2},
  pages={1646-1654},
  year={2012},
}

@inproceedings{Kulis2010Learning,
  title={Learning to Hash with Binary Reconstructive Embeddings.},
  author={Kulis, Brian and Darrell, Trevor},
  booktitle={Advances in Neural Information Processing Systems 22: 23rd Annual Conference on Neural Information Processing Systems 2009. Proceedings of a meeting held 7-10 December 2009, Vancouver, British Columbia, Canada.},
  pages={1042--1050},
  year={2010},
}

@INPROCEEDINGS{5459466,
author={B. Kulis and K. Grauman},
booktitle={2009 IEEE 12th International Conference on Computer Vision},
title={Kernelized locality-sensitive hashing for scalable image search},
year={2009},
pages={2130-2137},
keywords={file organisation;image classification;image retrieval;data driven vision application;example based object classification;fast retrieval method;generalize locality sensitive hashing;high dimensional kernelized data;image retrieval;kernelized locality sensitive hashing;low dimensional Hamming space;scalable image search;sublinear time similarity search;Content based retrieval;Image databases;Image retrieval;Indexing;Information retrieval;Kernel;Large-scale systems;Object recognition;Spatial databases;Visual databases},
doi={10.1109/ICCV.2009.5459466},
ISSN={1550-5499},
month={Sept},}

@INPROCEEDINGS{6909650,
author={G. Lin and C. Shen and Q. Shi and A. van den Hengel and D. Suter},
booktitle={2014 IEEE Conference on Computer Vision and Pattern Recognition},
title={Fast Supervised Hashing with Decision Trees for High-Dimensional Data},
year={2014},
pages={1971-1978},
keywords={block codes;cryptography;decision trees;image coding;image retrieval;inference mechanisms;GraphCut;binary code inference problem;block search method;boosted decision trees;fast supervised hashing;hash functions;high-dimensional data;large-scale inference;sub-modular formulations;Binary codes;Decision trees;Kernel;Optimization;Support vector machines;Training;Training data;binary codes;graph-cut;hashing;image retrieval},
doi={10.1109/CVPR.2014.253},
ISSN={1063-6919},
month={June},}

@inproceedings{Liu2011Hashing,
  title={Hashing with Graphs.},
  author={Liu, Wei and Wang, Jun and Kumar, Sanjiv and Chang, Shih Fu},
  booktitle={International Conference on Machine Learning, ICML 2011, Bellevue, Washington, Usa, June 28 - July},
  pages={1-8},
  year={2011},
}

@INPROCEEDINGS{6247912,
author={W. Liu and J. Wang and R. Ji and Y. G. Jiang and S. F. Chang},
booktitle={Computer Vision and Pattern Recognition (CVPR), 2012 IEEE Conference on},
title={Supervised hashing with kernels},
year={2012},
pages={2074-2081},
keywords={Hamming codes;cryptography;file organisation;learning (artificial intelligence);Hamming distances;binary code compaction;discriminative codes;hash function learning;hashing quality;high quality hashing;image benchmarks;kernel-based supervised hashing model;kernels;large-scale vision problems;model training;supervised information;Hamming distance;Kernel;Measurement;Optimization;Semantics;Training;Vectors},
doi={10.1109/CVPR.2012.6247912},
ISSN={1063-6919},
month={June},}

@incollection{NIPS2014_5332,
    Publisher = {Curran Associates, Inc.},
    Author = {Wei Liu and Cun Mu and Sanjiv Kumar and Shih-fu Chang},
    Url = {http://papers.nips.cc/paper/5332-discrete-graph-hashing.pdf},
    Booktitle = {Advances in Neural Information Processing Systems 27},
    Title = {Discrete Graph Hashing},
    Editor = {Z. Ghahramani and M. Welling and C. Cortes and N.d. Lawrence and K.q. Weinberger},
    Year = {2014},
    Pages = {3419--3427}
   } 

@inproceedings{ICML2011Norouzi_246,
    Publisher = {ACM},
    Title = {Minimal Loss Hashing for Compact Binary Codes},
    Booktitle = {Proceedings of the 28th International Conference on Machine Learning (ICML-11)},
    Author = {Mohammad Norouzi and David M. Blei},
    Year = {2011},
    Editor = {Lise Getoor and Tobias Scheffer},
    Address = {New York, NY, USA},
    Pages = {353--360}
   } 

@incollection{NIPS2014_5329,
    Publisher = {Curran Associates, Inc.},
    Author = {Anshumali Shrivastava and Ping Li},
    Booktitle = {Advances in Neural Information Processing Systems 27},
    Title = {Asymmetric LSH (ALSH) for Sublinear Time Maximum Inner Product Search (MIPS)},
    Editor = {Z. Ghahramani and M. Welling and C. Cortes and N.d. Lawrence and K.q. Weinberger},
    Year = {2014},
    Pages = {2321--2329}
   } 

@inproceedings{Song:2013:IHL:2463676.2465274,
 author = {Song, Jingkuan and Yang, Yang and Yang, Yi and Huang, Zi and Shen, Heng Tao},
 title = {Inter-media Hashing for Large-scale Retrieval from Heterogeneous Data Sources},
 booktitle = {Proceedings of the 2013 ACM SIGMOD International Conference on Management of Data},
 series = {SIGMOD '13},
 year = {2013},
 isbn = {978-1-4503-2037-5},
 location = {New York, New York, USA},
 pages = {785--796},
 numpages = {12},
 url = {http://doi.acm.org/10.1145/2463676.2465274},
 doi = {10.1145/2463676.2465274},
 acmid = {2465274},
 publisher = {ACM},
 address = {New York, NY, USA},
 keywords = {hashing, heterogeneous data source, indexing, inter-media retrieval},
} 


@inproceedings{Ny2010Semi,
  title={Semi-Supervised Hashing for ScalableImageRetrieval},
  author={Ny, Newyork},
  booktitle={2013 IEEE Conference on Computer Vision and Pattern Recognition},
  pages={3424-3431},
  year={2010},
}

@inproceedings{icml2010_WangKC10,
    Publisher = {Omnipress},
    Title = {Sequential Projection Learning for Hashing with Compact
    Codes},
    Url = {http://www.icml2010.org/papers/178.pdf},
    Booktitle = {Proceedings of the 27th International Conference on Machine Learning (ICML-10)},
    Author = {Jun Wang and Sanjiv Kumar and Shih-fu Chang},
    Editor = {Johannes Fürnkranz and Thorsten Joachims},
    Year = {2010},
    Pages = {1127-1134}
   } 

@incollection{NIPS2008_3383,
title = {Spectral Hashing},
author = {Weiss, Yair and Torralba, Antonio and Fergus, Rob},
booktitle = {Advances in Neural Information Processing Systems 21},
editor = {D. Koller and D. Schuurmans and Y. Bengio and L. Bottou},
pages = {1753--1760},
year = {2009},
publisher = {Curran Associates, Inc.},
url = {http://papers.nips.cc/paper/3383-spectral-hashing.pdf}
}

@inproceedings{Xu2013Harmonious,
  title={Harmonious hashing},
  author={Xu, Bin and Bu, Jiajun and Lin, Yue and Chen, Chun and He, Xiaofei and Cai, Deng},
  booktitle={International Joint Conference on Artificial Intelligence},
  pages={1820-1826},
  year={2013},
}

@inproceedings{Zhang2014Large,
  title={Large-scale supervised multimodal hashing with semantic correlation maximization},
  author={Zhang, Dongqing and Li, Wu Jun},
  booktitle={Twenty-Eighth AAAI Conference on Artificial Intelligence},
  year={2014},
pages ={173--182}
}

@inproceedings{Zhang2014SHL,
 author = {Zhang, Peichao and Zhang, Wei and Li, Wu-Jun and Guo, Minyi},
 title = {Supervised Hashing with Latent Factor Models},
 booktitle = {Proceedings of the 37th International ACM SIGIR Conference on Research \&\#38; Development in Information Retrieval},
 series = {SIGIR '14},
 year = {2014},
 isbn = {978-1-4503-2257-7},
 location = {Gold Coast, Queensland, Australia},
 pages = {173--182},
 numpages = {10},
 url = {http://doi.acm.org/10.1145/2600428.},
 publisher = {ACM},
 address = {New York, NY, USA},
 keywords = {big data, hashing, image retrieval, latent factor model},
} 


@inproceedings{Zhen:2012:PMM:2339530.2339678,
 author = {Zhen, Yi and Yeung, Dit-Yan},
 title = {A Probabilistic Model for Multimodal Hash Function Learning},
 booktitle = {Proceedings of the 18th ACM SIGKDD International Conference on Knowledge Discovery and Data Mining},
 series = {KDD '12},
 year = {2012},
 isbn = {978-1-4503-1462-6},
 location = {Beijing, China},
 pages = {940--948},
 numpages = {9},
 url = {http://doi.acm.org/10.1145/2339530.2339678},
 doi = {10.1145/2339530.2339678},
 acmid = {2339678},
 publisher = {ACM},
 address = {New York, NY, USA},
 keywords = {binary latent factor models, hash function learning, metric learning, multimodal similarity search},
} 

@inproceedings{Zhu:2013:LCH:2502081.2502107,
 author = {Zhu, Xiaofeng and Huang, Zi and Shen, Heng Tao and Zhao, Xin},
 title = {Linear Cross-modal Hashing for Efficient Multimedia Search},
 booktitle = {Proceedings of the 21st ACM International Conference on Multimedia},
 series = {MM '13},
 year = {2013},
 isbn = {978-1-4503-2404-5},
 location = {Barcelona, Spain},
 pages = {143--152},
 numpages = {10},
 url = {http://doi.acm.org/10.1145/2502081.2502107},
 doi = {10.1145/2502081.2502107},
 acmid = {2502107},
 publisher = {ACM},
 address = {New York, NY, USA},
 keywords = {cross-modal, hashing, index, multimedia search},
} 

